@book{hllhc,
      author		= "Apollinari, G and Béjar Alonso, I and Brüning, O and
                       Lamont, M and Rossi, L",
      title         = "{High-Luminosity Large Hadron Collider (HL-LHC):
                       Preliminary Design Report}",
      publisher     = "CERN",
      address       = "Geneva",
      series        = "CERN Yellow Reports: Monographs",
      year          = "2015",
      url           = "https://cds.cern.ch/record/2116337"}

@techreport{auzinger,
      author        = "Auzinger, Georg",
      title         = "{Upgrade of the CMS Tracker for the High Luminosity LHC}",
      institution   = "CERN",
      collaboration = "CMS Collaboration",
      address       = "Geneva",
      number        = "CMS-CR-2016-268",
      month         = "Oct",
      year          = "2016",
      reportNumber  = "CMS-CR-2016-268",
      url           = "https://cds.cern.ch/record/2227193",
}
@article {deboer,
	author 		= {de Boer, Wim and Bol, Johannes and Furgeri, Alex and Müller, Steffen and Sander, Christian and Berdermann, Eleni and 					   Pomorski, Michal and Huhtinen, Mika},
	title 		= {Radiation hardness of diamond and silicon sensors compared},
	journal 	= {physica status solidi (a)},
	volume 		= {204},
	number 		= {9},
	publisher 	= {WILEY-VCH Verlag},
	issn 		= {1862-6319},
	url 		= {http://dx.doi.org/10.1002/pssa.200776327},
	doi 		= {10.1002/pssa.200776327},
	pages 		= {3004--3010},
	keywords 	= {29.40.Wk, 42.88.+h, 61.80.−x, 81.05.Uw},
	year 		= {2007},
}
